@article{burns,
 author = {Burns, A. J. and Johnson, M. Eric and Honeyman, Peter},
 title = {A Brief Chronology of Medical Device Security},
 journal = {Commun. ACM},
 issue_date = {October 2016},
 volume = {59},
 number = {10},
 month = sep,
 year = {2016},
 issn = {0001-0782},
 pages = {66--72},
 numpages = {7},
 url = {http://doi.acm.org/10.1145/2890488},
 doi = {10.1145/2890488},
 acmid = {2890488},
 publisher = {ACM},
 address = {New York, NY, USA},
}


@misc{fda_pic,
	title = {{LibGuides}. {FDA}: {Practices} and {Regulations}. {Medical} {Devices}, {Research} and {Biotechnology}.},
	copyright = {Copyright North Carolina Central University-SLIS Program 2017},
	shorttitle = {{LibGuides}. {FDA}},
	url = {http://libguides.nccuslis.org/content.php?pid=659436&sid=5469645},
	abstract = {FDA has created and implemented guidelines for food, drug, and other health human services to protect the people of the United States of America, but it seems that more people are dying and suffering instead of being healed and healthy.},
	language = {en},
	urldate = {2017-12-11},
	author = {Roughen, Patrick},
	file = {Snapshot:files/86/content.html:text/html}
}

@misc{wirelessmd,
	title = {Millions of {Americans} {Use} {Medical} {Devices} {That} {May} {Be} {Vulnerable} to {Hacking}},
	url = {https://appserver-6c6639cc.c.pantheon-dmz.internal/futureofyou/2015/08/03/millions-of-americans-use-medical-devices-that-are-vulnerable-to-hacking/},
	abstract = {The Food and Drug Administration last Friday advised U.S. medical facilities to stop using a pump that has cyber security flaws.},
	urldate = {2017-12-10},
	journal = {KQED Future of You},
	author = {Hoshaw, Lindsey}
}


@misc{pix,
	title = {Patient {Identifier} {Cross}-{Referencing} - {IHE} {Wiki}},
	url = {https://wiki.ihe.net/index.php/Patient_Identifier_Cross-Referencing},
	urldate = {2017-12-10},
	file = {Patient Identifier Cross-Referencing - IHE Wiki:files/81/Patient_Identifier_Cross-Referencing.html:text/html}
}

@misc{ihe_xds,
	title = {{IHE} {DE} {Cookbook} – {Hl}7wiki},
	url = {http://wiki.hl7.de/index.php?title=IHE_DE_Cookbook},
	urldate = {2017-12-10},
	file = {IHE DE Cookbook – Hl7wiki:files/79/index.html:text/html}
}

@misc{telemed_bild,
	title = {Telemedicine {\textbar} {Conference} {Technologies}, {Inc}.},
	url = {https://www.conferencetech.com/solutions/telemedicine},
	urldate = {2017-12-08},
	file = {Telemedicine | Conference Technologies, Inc.:files/74/telemedicine.html:text/html}
}

@misc{therac_bild,
	title = {Killer {Bug}. {Therac}-25: {Quick}-and-{Dirty}},
	shorttitle = {Killer {Bug}. {Therac}-25},
	url = {https://www.viva64.com/en/b/0438/},
	abstract = {Program code started using machines to kill people as early as in 1985.},
	urldate = {2017-12-08},
	file = {Snapshot:files/70/0438.html:text/html}
}


@misc{ihe_atna_bild,
	title = {ihecb:{ATNA} – {Hl}7wiki},
	url = {http://wiki.hl7.de/index.php?title=ihecb:ATNA},
	urldate = {2017-12-08},
	file = {ihecb\:ATNA – Hl7wiki:files/68/index.html:text/html}
}


@misc{cset_picture,
	title = {01 {CSET} 6.0 {CSET} {Overview}},
	url = {https://www.youtube.com/watch?v=ycdntcF4D7s},
	urldate = {2017-12-07},
	author = {{CSET Cyber Security Evaluation Tool}},
	keywords = {Computer Sec, Computer Security (Industry), CSET 6.0, Cyber security, Cyber Security Evaluation Tool, cybersecurity, DHS Departement of Homland Security, Idaho National Laboratory (Location), INL Idaho National Laboratory}
}

@misc{nccic,
	title = {National {Cybersecurity} and {Communications} {Integration} {Center} {\textbar} {US}-{CERT}},
	url = {https://www.us-cert.gov/nccic},
	urldate = {2017-12-07},
	file = {National Cybersecurity and Communications Integration Center | US-CERT:files/65/nccic.html:text/html}
}

@misc{medsec,
	title = {{MedSec}},
	url = {https://medsec.com/},
	urldate = {2017-11-12},
	file = {MedSec:files/48/medsec.com.html:text/html}
}

@misc{pg8528,
	url = {https://geektimes.ru/post/287436/},
	urldate = {2017-11-12}
}


@misc{mailinglist,
	title = {Full {Disclosure} {Mailing} {List}},
	url = {http://seclists.org/fulldisclosure/},
	urldate = {2017-11-12},
	file = {Full Disclosure Mailing List:files/52/fulldisclosure.html:text/html}
}

@video{video,
	title = {{CACM} Oct. 2016 - A Brief Chronology of Medical Device Security}
}

@misc{herzschrittmacher,
	title = {Abbott, {St}. {Jude} {Medical} {Fixes} {Cybersecurity} {Vulnerabilities} of its {Pacemakers}, {ICDs}},
	url = {https://www.dicardiology.com/article/abbott-st-jude-medical-fixes-cybersecurity-vulnerabilities-its-pacemakers-icds},
	abstract = {August 29, 2017 — The U.S. Food and Drug Administration (FDA) approved a firmware update that is now available to reduce the risk of patient harm due to potential exploitation of cybersecurity vulnera},
	urldate = {2017-11-12},
	journal = {Diagnostic and Interventional Cardiology {\textbar} DAIC},
	month = aug,
	year = {2017},
	file = {Snapshot:files/50/abbott-st-jude-medical-fixes-cybersecurity-vulnerabilities-its-pacemakers-icds.html:text/html}
}

@online{sicherheittuev,
	title = {Sicherheit medizinischer elektrischer Geräte - {IEC} 60601-1, 3. Ausgabe Aufbaukurs},
	url = {https://www.tuev-sued.de/akademie-de/seminare-gesundheitswesen-und-medizintechnik/medizintechnik/safety-expert-non--active-medical-devices-tuev/4611044},
	titleaddon = {www.tuev-sued.de},
	urldate = {2017-10-15},
	file = {Snapshot:files/11/4611044.html:text/html}
}

@online{sicherheitgolem,
	title = {{IT}-Sicherheit: Lebenswichtige medizinische Geräte ungeschützt im Internet - Golem.de},
	url = {https://www.golem.de/news/it-sicherheit-lebenswichtige-medizinische-geraete-ungeschuetzt-im-internet-1509-116563.html},
	shorttitle = {{IT}-Sicherheit},
	urldate = {2017-10-15},
	file = {Snapshot:files/12/it-sicherheit-lebenswichtige-medizinische-geraete-ungeschuetzt-im-internet-1509-116563.html:text/html}
}

@online{sicherheitsiemens,
	title = {Zwei Jahre alte Sicherheitslücken in Tomografen von Siemens},
	url = {http://www.heise.de/security/meldung/Zwei-Jahre-alte-Sicherheitsluecken-in-Tomografen-von-Siemens-3793673.html},
	titleaddon = {Security},
	author = {Security, heise},
	urldate = {2017-10-16},
	file = {Snapshot:files/14/Zwei-Jahre-alte-Sicherheitsluecken-in-Tomografen-von-Siemens-3793673.html:text/html}
}

@online{tenways,
	title = {Ten Ways to Build Secure Software Code For Medical Devices - {IEEE} - The Institute},
	url = {http://theinstitute.ieee.org/ieee-roundup/members/achievements/ten-ways-to-build-secure-software-code-for-medical-devices},
	urldate = {2017-10-19},
	file = {Ten Ways to Build Secure Software Code For Medical Devices - IEEE - The Institute:files/17/ten-ways-to-build-secure-software-code-for-medical-devices.html:text/html}
}

@article{personaldevices,
	title = {Personal medical electronic devices and walk-through metal detector security systems: assessing electromagnetic interference effects},
	volume = {16},
	url = {https://link.springer.com/article/10.1186/s12938-017-0328-9},
	doi = {10.1186/s12938-017-0328-9},
	shorttitle = {Personal medical electronic devices and walk-through metal detector security systems},
	pages = {33},
	number = {1},
	journaltitle = {{BioMed} Eng {OnLine}},
	author = {Guag, Joshua and Addissie, Bisrat and Witters, Donald},
	urldate = {2017-10-19},
	date = {2017-12-01},
	langid = {english},
	file = {Full Text PDF:files/21/Guag et al. - 2017 - Personal medical electronic devices and walk-throu.pdf:application/pdf;Snapshot:files/22/s12938-017-0328-9.html:text/html}
}

@online{marktzulassung,
	title = {Marktzulassung und Zertifizierung},
	url = {https://www.tuev-sued.de/produktpruefung/branchen/medizinprodukte/marktzulassung-und-zertifizierung},
	titleaddon = {www.tuev-sued.de},
	urldate = {2017-10-26},
	file = {Snapshot:files/27/marktzulassung-und-zertifizierung.html:text/html}
}

@online{mdd,
	title = {{MDD} (93/42/{EWG})},
	url = {https://www.tuev-sued.de/produktpruefung/branchen/medizinprodukte/marktzulassung-und-zertifizierung/eu-marktzugang/mdd-93-42-ewg},
	titleaddon = {www.tuev-sued.de},
	urldate = {2017-10-26},
	file = {Snapshot:files/29/mdd-93-42-ewg.html:text/html}
}

@online{mdr,
	title = {{MDR}: {EU}-Medizinprodukteverordnung},
	url = {https://www.tuev-sued.de/produktpruefung/branchen/medizinprodukte/marktzulassung-und-zertifizierung/eu-marktzugang/mdr-eu-medizinprodukteverordnung},
	shorttitle = {{MDR}},
	titleaddon = {www.tuev-sued.de},
	urldate = {2017-10-26},
	file = {Snapshot:files/31/mdr-eu-medizinprodukteverordnung.html:text/html}
}

@online{healthassessment,
	title = {health-technology-assessment},
	url = {http://www.health-technology-assessment.de/seiten/wasisthta.htm},
	urldate = {2017-10-26},
	file = {health-technology-assessment:files/33/wasisthta.html:text/html}
}

@Inbook{telediagnosis,
author="Aupet, J. -B.
and Garcia, E.
and Guyennet, H.
and Lapayre, J. -C.
and Martins, D.",
editor="Tsihrintzis, George A.
and Jain, Lakhmi C.",
title="Security in Medical Telediagnosis",
bookTitle="Multimedia Services in Intelligent Environments: Integrated Systems",
year="2010",
publisher="Springer Berlin Heidelberg",
address="Berlin, Heidelberg",
pages="201--226",
doi="10.1007/978-3-642-13396-1_9"
}

@inproceedings{thefirst165years,
 author = {Fu, Kevin},
 title = {Medical Device Security: The First 165 Years},
 booktitle = {Proceedings of the 26th Edition on Great Lakes Symposium on VLSI},
 series = {GLSVLSI '16},
 year = {2016},
 location = {Boston, Massachusetts, USA},
 pages = {5--5},
 numpages = {1},
 doi = {10.1145/2902961.2902964},
 acmid = {2902964},
 publisher = {ACM},
 address = {New York, NY, USA},
 keywords = {cybersecurity, medical device security},
} 
@inproceedings{securityhole,
 author = {Lee, Youn Kyu and Bang, Jae young and Safi, Gholamreza and Shahbazian, Arman and Zhao, Yixue and Medvidovic, Nenad},
 title = {A SEALANT for Inter-app Security Holes in Android},
 booktitle = {Proceedings of the 39th International Conference on Software Engineering},
 series = {ICSE '17},
 year = {2017},
 location = {Buenos Aires, Argentina},
 pages = {312--323},
 numpages = {12},
 doi = {10.1109/ICSE.2017.36},
 acmid = {3097406},
 publisher = {IEEE Press},
 address = {Piscataway, NJ, USA},
} 

@inproceedings{fraunhofer,
 author = {Ray, Arnab and Cleaveland, Rance},
 title = {An Analysis Method for Medical Device Security},
 booktitle = {Proceedings of the 2014 Symposium and Bootcamp on the Science of Security},
 series = {HotSoS '14},
 year = {2014},
 location = {Raleigh, North Carolina, USA},
 pages = {16:1--16:2},
 articleno = {16},
 numpages = {2},
  doi = {10.1145/2600176.2600192},
 acmid = {2600192},
 publisher = {ACM},
 address = {New York, NY, USA},
 keywords = {medical device security},
} 

@Article{internalmedicine,
title="Abstracts from the 37th Annual Meeting of the Society of General Internal Medicine",
journal="Journal of General Internal Medicine",
year="2014",
month="Apr",
day="01",
volume="29",
number="1",
pages="1--545",
issn="1525-1497",
doi="10.1007/s11606-014-2834-9"
}

@online{securityprivacy,
	title = {SoK: Security and Privacy in Implantable Medical Devices and Body Area Networks},
	url = {http://www.ieee-security.org/TC/SP2014/papers/SoK_c_SecurityandPrivacyinImplantableMedicalDevices andBodyAreaNetworks.pdf},
	urldate = {2017-11-10},
	file = {http://www.ieee-security.org/TC/SP2014/papers/SoK_c_SecurityandPrivacyinImplantableMedicalDevices andBodyAreaNetworks.pdf}
}

@misc{fda,
	title = {U {S} {Food} and {Drug} {Administration} {Home} {Page}},
	url = {https://www.fda.gov/},
	urldate = {2017-12-03},
	file = {U S Food and Drug Administration Home Page:files/59/www.fda.gov.html:text/html}
}

@misc{ics-cert,
	title = {{ICS}-{CERT} {\textbar}},
	url = {https://ics-cert.us-cert.gov/},
	urldate = {2017-12-03},
	file = {ICS-CERT |:files/55/ics-cert.us-cert.gov.html:text/html}
}


@misc{tuev,
	title = {Medical {Devices} \& {Healthcare}},
	url = {https://www.tuv-sud.com/industry/healthcare-medical-device},
	abstract = {For over 30 years, TÜV SÜD has provided market access solutions and expert partnership for medical device manufacturers and suppliers. We know your challenges and concerns. Choose certainty and add value with TUV SUD.},
	urldate = {2017-12-03},
	journal = {www.tuv-sud.com},
	file = {Snapshot:files/62/healthcare-medical-device.html:text/html}
}

@misc{cset,
	title = {Downloading and {Installing} {CSET} {\textbar} {ICS}-{CERT}},
	url = {https://ics-cert.us-cert.gov/Downloading-and-Installing-CSET},
	urldate = {2017-12-03},
	file = {Downloading and Installing CSET | ICS-CERT:files/57/Downloading-and-Installing-CSET.html:text/html}
}

@online{miele,
	title = {Miele verspricht Sicherheits-Update für Desinfektionsautomaten},
	url = {https://heise.de/-3669611},
	abstract = {In den Geräten ist ein gänzlich ungesicherter Webserver aufgefallen. Der Bugreport eines Security-Consultants war jedoch über Monate ignoriert worden.},
	titleaddon = {heise online},
	author = {online, heise},
	urldate = {2017-11-11},
	file = {Snapshot:files/42/Miele-verspricht-Sicherheits-Update-fuer-Desinfektionsautomaten-3669611.html:text/html}
}


@online{herzschrittmacher,
	title = {Herzschrittmacher von St. Jude Medical: Firmware-Patches gegen Sicherheitslücken},
	url = {https://heise.de/-3817954},
	shorttitle = {Herzschrittmacher von St. Jude Medical},
	abstract = {Versierte Hacker können Herzschrittmacher der Marke Abbott angreifen, um Befehle auszuführen und Patientendaten zu stehlen. Implantatträgern wird ein baldiger Arztbesuch empfohlen, um wichtige Firmware-Updates zu installieren.},
	titleaddon = {heise online},
	author = {online, heise},
	urldate = {2017-11-11},
	file = {Snapshot:files/44/Herzschrittmacher-von-St-Jude-Medical-Firmware-Patches-gegen-Sicherheitsluecken-3817954.html:text/html}
}


@url{siemens,
	Author = {Siemens Security Advisory by Siemens ProductCERT},
	Date-Added = {2017-11-12},
	Date-Modified = {2017-11-12},
	url = {https://www.siemens.com/cert/pool/cert/siemens_security_advisory_ssa-822184.pdf},
	Title = {SSA-822184: Microsoft Web Server and HP Client Automation Vulnerabilities in Molecular Imaging Products from Siemens Healthineers},
	Urldate = {26-07-2017}
	}
